<?xml version="1.0" encoding="UTF-8"?><record xmlns="http://www.loc.gov/MARC21/slim" xmlns:cinclude="http://apache.org/cocoon/include/1.0" xmlns:zs="http://www.loc.gov/zing/srw/">
  <leader>00508nz  a2200121n  4500</leader>
  <controlfield tag="001">n 2014022356</controlfield>
  <controlfield tag="003">DLC</controlfield>
  <controlfield tag="005">20140424100343.0</controlfield>
  <controlfield tag="008">140424n| azannaabn          |n aaa      </controlfield>
  <datafield tag="010" ind1=" " ind2=" ">
    <subfield code="a">n 2014022356</subfield>
  </datafield>
  <datafield tag="040" ind1=" " ind2=" ">
    <subfield code="a">DLC</subfield>
    <subfield code="b">eng</subfield>
    <subfield code="e">rda</subfield>
    <subfield code="c">DLC</subfield>
  </datafield>
  <datafield tag="100" ind1="1" ind2=" ">
    <subfield code="a">Maxwell, Patricia J.</subfield>
  </datafield>
  <datafield tag="670" ind1=" " ind2=" ">
    <subfield code="a">Catalina A to Z, 2014:</subfield>
    <subfield code="b">ECIP t.p. (Patricia J. Maxwell) galley (director of marketing and communications technology for the Catalina Island Conservancy; former director of media relations for the Natural History Museum of Los Angeles County)</subfield>
  </datafield>
</record>